<?xml version="1.0" encoding="UTF-8"?><collection xmlns="http://www.loc.gov/MARC21/slim"><record><leader>00412nam--2200133-i-4500</leader><controlfield tag="001">000014918</controlfield><controlfield tag="002">20161230</controlfield><controlfield tag="005">20161230201031</controlfield><controlfield tag="008">060222s1000------------r-----000-0-eng-d</controlfield><datafield ind1=" " ind2=" " tag="080"><subfield code="a">519.713</subfield></datafield><datafield ind1=" " ind2=" " tag="245"><subfield code="a">Automata, languages and programming proceedings of a symposium organized by iria, july 3-7, 1982</subfield></datafield><datafield ind1=" " ind2=" " tag="260"><subfield code="a">Amsterdam. North-holland Publishing Company 1983 622 P</subfield></datafield><datafield ind1=" " ind2=" " tag="700"><subfield code="a">Nivat M</subfield></datafield><datafield ind1=" " ind2=" " tag="852"><subfield code="a">519.768(061.3)</subfield></datafield></record></collection>